<record><leader>00000cas a2200000 i 4500</leader><controlfield tag="001">61313282</controlfield><controlfield tag="006">swr neo     0    0</controlfield><controlfield tag="007">cr un|||||||||</controlfield><controlfield tag="008">050822c199u9999lauwr neo     0    0eng c</controlfield><datafield ind1=" " ind2=" " tag="010"><subfield code="a">  2015238495</subfield></datafield><datafield ind1=" " ind2=" " tag="040"><subfield code="a">OCLCS</subfield><subfield code="b">eng</subfield><subfield code="e">rda</subfield><subfield code="c">OCLCS</subfield><subfield code="d">OCLCS</subfield><subfield code="d">AMH</subfield><subfield code="d">OCLCQ</subfield><subfield code="d">OCLCF</subfield><subfield code="d">OCLCO</subfield><subfield code="d">IUL</subfield><subfield code="d">OCL</subfield><subfield code="d">COO</subfield><subfield code="d">OCLCA</subfield></datafield><datafield ind1=" " ind2=" " tag="019"><subfield code="a">50263676</subfield></datafield><datafield ind1=" " ind2=" " tag="022"><subfield code="y">1089-3520</subfield></datafield><datafield ind1="0" ind2=" " tag="029"><subfield code="a">OCLCS</subfield><subfield code="b">45117</subfield></datafield><datafield ind1="1" ind2=" " tag="029"><subfield code="a">OCLCS</subfield><subfield code="b">OP-8874</subfield></datafield><datafield ind1=" " ind2=" " tag="042"><subfield code="a">pcc</subfield></datafield><datafield ind1=" " ind2=" " tag="043"><subfield code="a">n-us-la</subfield></datafield><datafield ind1="1" ind2="4" tag="050"><subfield code="a">PN4899</subfield><subfield code="b">.N49</subfield></datafield><datafield ind1="0" ind2=" " tag="130"><subfield code="a">Gambit weekly (Online)</subfield></datafield><datafield ind1="1" ind2="0" tag="245"><subfield code="a">Gambit weekly.</subfield></datafield><datafield ind1="1" ind2=" " tag="246"><subfield code="i">Some issues have title:</subfield><subfield code="a">Gambit</subfield></datafield><datafield ind1=" " ind2="1" tag="264"><subfield code="a">New Orleans, LA :</subfield><subfield code="b">Firstar Communications of Louisiana</subfield></datafield><datafield ind1=" " ind2=" " tag="310"><subfield code="a">Weekly</subfield></datafield><datafield ind1=" " ind2=" " tag="336"><subfield code="a">text</subfield><subfield code="b">txt</subfield><subfield code="2">rdacontent</subfield></datafield><datafield ind1=" " ind2=" " tag="337"><subfield code="a">computer</subfield><subfield code="b">c</subfield><subfield code="2">rdamedia</subfield></datafield><datafield ind1=" " ind2=" " tag="338"><subfield code="a">online resource</subfield><subfield code="b">cr</subfield><subfield code="2">rdacarrier</subfield></datafield><datafield ind1=" " ind2=" " tag="530"><subfield code="a">Also issued in print.</subfield></datafield><datafield ind1=" " ind2=" " tag="538"><subfield code="a">Mode of access: World Wide Web.</subfield></datafield><datafield ind1=" " ind2=" " tag="588"><subfield code="a">Description based on: Vol. 17, no. 14 (Apr. 2, 1996), print version record; title from cover.</subfield></datafield><datafield ind1=" " ind2=" " tag="588"><subfield code="a">Latest issue consulted: Vol. 29, no. 53 (Dec. 30, 2008) (surrogate).</subfield></datafield><datafield ind1=" " ind2="0" tag="651"><subfield code="a">New Orleans (La.)</subfield><subfield code="v">Newspapers.</subfield></datafield><datafield ind1=" " ind2="7" tag="651"><subfield code="a">Louisiana</subfield><subfield code="z">New Orleans.</subfield><subfield code="2">fast</subfield><subfield code="0">(OCoLC)fst01204311</subfield></datafield><datafield ind1=" " ind2="7" tag="655"><subfield code="a">Newspapers.</subfield><subfield code="2">fast</subfield><subfield code="0">(OCoLC)fst01423814</subfield></datafield><datafield ind1=" " ind2=" " tag="752"><subfield code="a">United States</subfield><subfield code="b">Louisiana</subfield><subfield code="d">New Orleans</subfield></datafield><datafield ind1="0" ind2="8" tag="776"><subfield code="i">Print version:</subfield><subfield code="t">Gambit weekly</subfield><subfield code="x">1089-3520</subfield><subfield code="w">(DLC)sn 96004184</subfield><subfield code="w">(OCoLC)34980091</subfield></datafield><datafield ind1="0" ind2="0" tag="780"><subfield code="t">Gambit</subfield></datafield><datafield ind1="0" ind2="0" tag="785"><subfield code="t">Gambit (2008)</subfield></datafield><datafield ind1="4" ind2="0" tag="856"><subfield code="u">http://gateway.proquest.com/openurl?url%5Fver=Z39.88-2004&amp;res%5Fdat=xri:pqd&amp;rft%5Fval%5Ffmt=info:ofi/fmt:kev:mtx:journal&amp;genre=journal&amp;req%5Fdat=xri:pqil:pq%5Fclntid=2817&amp;svc%5Fdat=xri:pqil:context=title&amp;rft%5Fdat=xri:pqd:PMID=58656</subfield></datafield><datafield ind1="4" ind2="0" tag="856"><subfield code="u">http://apw.softlineweb.com/</subfield></datafield></record>